<record><leader>00000cas a22000007a 4500</leader><controlfield tag="001">25851326</controlfield><controlfield tag="008">920520d18881889wyuwr ne      0    0eng d</controlfield><datafield ind1=" " ind2=" " tag="010"><subfield code="a">sn 92067045 </subfield></datafield><datafield ind1=" " ind2=" " tag="040"><subfield code="a">NVO</subfield><subfield code="b">eng</subfield><subfield code="c">NVO</subfield><subfield code="d">OCLCQ</subfield></datafield><datafield ind1=" " ind2=" " tag="042"><subfield code="a">msc</subfield></datafield><datafield ind1="0" ind2="4" tag="245"><subfield code="a">The Wyoming farmer.</subfield></datafield><datafield ind1=" " ind2=" " tag="260"><subfield code="a">Sundance, Crook County, Wyo. :</subfield><subfield code="b">Farmer Pub. Co.</subfield></datafield><datafield ind1=" " ind2=" " tag="300"><subfield code="a">v.</subfield></datafield><datafield ind1=" " ind2=" " tag="310"><subfield code="a">Weekly</subfield></datafield><datafield ind1="0" ind2=" " tag="362"><subfield code="a">Vol. 1, no. 1 (July 4, 1888)-v. 1, no. 52 (July 10, 1889).</subfield></datafield><datafield ind1=" " ind2="4" tag="651"><subfield code="a">Sundance (Wyo.)</subfield><subfield code="v">Newspapers.</subfield></datafield><datafield ind1=" " ind2="4" tag="651"><subfield code="a">Crook County (Wyo.)</subfield><subfield code="v">Newspapers.</subfield></datafield><datafield ind1=" " ind2=" " tag="752"><subfield code="a">United States</subfield><subfield code="b">Wyoming</subfield><subfield code="c">Crook</subfield><subfield code="d">Sundance.</subfield></datafield><datafield ind1="0" ind2="0" tag="785"><subfield code="t">Wyoming Republican (Sundance, Wyo.)</subfield><subfield code="w">(DLC)sn 92067046</subfield></datafield></record>